% book
% Required fields: author or editor, title, publisher, year. 
% Optional fields: volume or number, series, address, edition, month, note.
@book{Applebaum,
  author = {David Applebaum},
  title = {Probability and: An Integrated Approach},
  publisher = {Cambridge, University Press},
  year = {2008},
  edition = "second edition"

}

@book{Khinchin,
  author = {A. I. Khinchin},
  title = {Mathematical Foundations of Information Theory},
  publisher = {Dover},
  year = {1957},
  edition = "second edition"

}

@book{Thomas,
  author = {Thomas M. Cover, Joy A. Thomas},
  title = {Elements of Information Theory},
  publisher = {Wiley},
  year = {2006},
  edition = "second edition"

}

% article
% Required fields: author, title, journal, year. 
% Optional fields: volume, number, pages, month, note.
@article{Shannon,
  author = {Claude E. Shannon},
  title = {A Mathematical Theory of Communication},
  journal = { Bell System Technical Journal},
  year = {1948}
}

% conference
% same as inproceedings
% Required fields: author, title, booktitle, year. 
% Optional fields: editor, volume or number, series, pages, address, month, organization, publisher, note
@conference{Tesst,
  author = {Test},
  title = {Test},
  booktitle = {Test},
  address = {Test},
  year = {2005},
  month = {20-26 June},
  pages = {886-893}
}

% website
% as misc
% Required fields: none. 
% Optional fields: author, title, howpublished, month, year, note.
@misc {Jensen,
    author = {Wikipedia},
    url={goo.gl/cLDgYA},
    title = {Jensen's inequality}
}




